00601cas a22002291a 4500
001 9917737983502836
003 Nz
005 20161223172955.0
008 040109d18641868nz  r ne      0   0 eng d
035    $a (Nz)8177749
035    $a (OCoLC)420953366
035    $a (NLNZils)1773798-ilsdb
040    $a WN $c WN
042    $a nznb
043    $a u-nz---
245 00 $a Otago mail.
260    $a Dunedin [N.Z.]
310    $a Daily
362 0  $a 1864 Jul.2-1868?
500    $a Title = Otago daily mail? (UC1938, UC1961) - Scholefield.
651  0 $a Otago (N.Z.) $v Newspapers.
655  7 $a New Zealand newspapers. $2 local $5 Nz
